@article{prem2017projecting,
  title={Projecting social contact matrices in 152 countries using contact surveys and demographic data},
  author={Prem, Kiesha and Cook, Alex R and Jit, Mark},
  journal={PLoS computational biology},
  volume={13},
  number={9},
  pages={e1005697},
  year={2017},
  publisher={Public Library of Science}
}